@article{rodionov2024neural,
  title={Neural algorithmic reasoning without intermediate supervision},
  author={Rodionov, Gleb and Prokhorenkova, Liudmila},
  journal={Advances in Neural Information Processing Systems},
  volume={36},
  year={2024}
}

@inproceedings{bevilacqua2023neural,
  title={Neural algorithmic reasoning with causal regularisation},
  author={Bevilacqua, Beatrice and Nikiforou, Kyriacos and Ibarz, Borja and Bica, Ioana and Paganini, Michela and Blundell, Charles and Mitrovic, Jovana and Veli{\v{c}}kovi{\'c}, Petar},
  booktitle={International Conference on Machine Learning},
  pages={2272--2288},
  year={2023},
  organization={PMLR}
}

@article{numeroso2023dual,
  title={Dual algorithmic reasoning},
  author={Numeroso, Danilo and Bacciu, Davide and Veli{\v{c}}kovi{\'c}, Petar},
  journal={arXiv preprint arXiv:2302.04496},
  year={2023}
}

@article{velivckovic2021neural,
  title={Neural algorithmic reasoning},
  author={Veli{\v{c}}kovi{\'c}, Petar and Blundell, Charles},
  journal={Patterns},
  volume={2},
  number={7},
  year={2021},
  publisher={Elsevier}
}

@article{xu2019can,
  title={What can neural networks reason about?},
  author={Xu, Keyulu and Li, Jingling and Zhang, Mozhi and Du, Simon S and Kawarabayashi, Ken-ichi and Jegelka, Stefanie},
  journal={arXiv preprint arXiv:1905.13211},
  year={2019}
}

@inproceedings{ibarz2022generalist,
  title={A generalist neural algorithmic learner},
  author={Ibarz, Borja and Kurin, Vitaly and Papamakarios, George and Nikiforou, Kyriacos and Bennani, Mehdi and Csord{\'a}s, R{\'o}bert and Dudzik, Andrew Joseph and Bo{\v{s}}njak, Matko and Vitvitskyi, Alex and Rubanova, Yulia and others},
  booktitle={Learning on graphs conference},
  pages={2--1},
  year={2022},
  organization={PMLR}
}
